%% This BibTeX bibliography file was created using BibDesk.
%% http://bibdesk.sourceforge.net/

%% Created for Junier Amorim at 2018-06-11 21:26:43 -0300 


%% Saved with string encoding Unicode (UTF-8) 



@article{05,
	Author = {Michael Lienhardt and Ferruccio Damiani and Simone Donetti and Luca Paolini},
	Date-Added = {2018-06-12 00:06:06 +0000},
	Date-Modified = {2018-06-12 00:07:55 +0000},
	Journal = {VaMos},
	Title = {Multi Software Product Lines in the Wild},
	Year = {2018}}

@book{04,
	Author = {Barbara Dunin-Keplicz and Rineke Verbrugge},
	Date-Added = {2018-06-11 15:50:09 +0000},
	Date-Modified = {2018-06-11 15:54:14 +0000},
	Publisher = {John Wiley \& Sons Ltd.},
	Title = {Teamwork in Multi-Agents Systems},
	Year = {2010}}

@book{03,
	Author = {Eric Bonabeau and Marco Dorigo and Guy Theraulaz},
	Date-Added = {2018-06-08 00:17:34 +0000},
	Date-Modified = {2018-06-08 00:20:35 +0000},
	Publisher = {Oxford University Press, Inc.},
	Title = {Swarm Intelligence: From Natural to Artificial Systems},
	Year = {1999}}

@article{02,
	Author = {Marko Rosenm{\"u}ller and Norbert Siegmund},
	Date-Added = {2018-06-07 21:19:52 +0000},
	Date-Modified = {2018-06-08 00:52:37 +0000},
	Journal = {VaMoS},
	Pages = {123-130},
	Title = {Automating the Configuration of Multi Software Product Lines},
	Volume = {10},
	Year = {2010}}

@article{01,
	Author = {Jana{\'\i}na Schwarzrock and Iulisloi Zacarias and Ana L. C. Bazzan and Edison P. de Freitas and Ricardo Queiroz de Araujo Fernandes and Leonardo Henrique Moreira},
	Date-Added = {2018-06-07 21:16:37 +0000},
	Date-Modified = {2018-06-07 21:19:50 +0000},
	Institution = {Institute of Informatics Federal University of Rio Grande do Sul; Brazilian Army},
	Journal = {Engineering Applications of Artificial Intelligence},
	Title = {Solving Task Allocation Problem in Multi Unmanned Aerial Vehicles Systems Using Swarm Intelligence},
	Year = {2017}}
